<?xml version="1.0" encoding="UTF-8"?><collection xmlns="http://www.loc.gov/MARC21/slim"><record><leader>00414nam--2200133-i-4500</leader><controlfield tag="001">000016712</controlfield><controlfield tag="002">20161230</controlfield><controlfield tag="005">20161230201031</controlfield><controlfield tag="008">060222s1000------------r-----000-0-eng-d</controlfield><datafield ind1=" " ind2=" " tag="100"><subfield code="a">Curtis, W.D.And Miller, F.R</subfield></datafield><datafield ind1=" " ind2=" " tag="245"><subfield code="a">Differential manifolds and theoretical physics</subfield></datafield><datafield ind1=" " ind2=" " tag="260"><subfield code="a">Orlando, Academic Press, 1985</subfield></datafield><datafield ind1=" " ind2=" " tag="490"><subfield code="a">Pure And Applied Mathematica. A Series Of Monographs And Textbooks</subfield></datafield><datafield ind1=" " ind2=" " tag="852"><subfield code="a">514.7:530.14</subfield></datafield></record></collection>